@online{scikit-learn,
    title = "scikit-learn: machine learning in Python",
    url  = "https://scikit-learn.org/stable",
}

@online{pytorch-models,
    title = "PYTORCH HUB FOR RESEARCHERS - Explore and extend models from the latest cutting edge research.",
    url  = "https://pytorch.org/hub/research-models",
}

@online{pytorch-checkpoints,
    title = "SAVING AND LOADING A GENERAL CHECKPOINT IN PYTORCH",
    url  = "https://pytorch.org/tutorials/recipes/recipes/saving_and_loading_a_general_checkpoint.html#saving-and-loading-a-general-checkpoint-in-pytorch",
}

@online{torchvision-transforms,
    title = "Pytorch documentation - Torchvision transforms",
    url  = "https://pytorch.org/vision/stable/transforms.html",
}

@online{scikit-learn-sv-learning,
    title = "scikit-learn: Supervised learning",
    url  = "https://scikit-learn.org/stable/supervised_learning.html",
}



